 @misc{Furukawa,
    author = {Furukawa Electric LatAm},
    title = {Fibra óptica: factor clave de crecimiento para los gobiernos y empresas de la región},
    howpublished = {\url{https://www.furukawalatam.com/es/conexion-furukawa-detalles/fibra-optica-factor-clave-de-crecimiento-para-los-gobiernos-y-empresas-de-la-region}},
    year = {n.d.},
}

@article{Toulouse,
    author = {Toulouse, J.},
    title = {Optical Nonlinearities in Fibers: Review, Recent Examples, and Systems Applications},
    journal = {Journal of Lightwave Technology},
    volume = {23},
    number = {11},
    pages = {3449-3465},
    year = {2005},
}

@misc{Sing,
    author = {Singh, S. P. and Sing, N.},
    title = {Nonlinear effects in optical fibers: Origin, management and applications},
    howpublished = {Department of Electronics and Communication University of Allahabad},
    year = {2007},
    pages = {264},
}

@thesis{Bansal,
    author = {Bansal, Shonak},
    title = {A Comparative Study of Nature-Inspired Metaheuristic Algorithms in Search of Near-to-optimal Golomb Rulers for the FWM Crosstalk Elimination in WDM Systems},
    school = {Electronics and Communication Engineering Department, Punjab Engineering College},
    year = {2019},
}

@article{Babcock,
    author = {Babcock, W. C.},
    title = {Intermodulation interference in radio systems},
    journal = {Bell System Technical Journal},
    volume = {32},
    number = {1},
    pages = {63--73},
    year = {1953},
}


@phdthesis{Apostolos,
    author = {Apostolos, D.},
    title = {Analysis of the Golomb ruler and the Sidon Set problems, and determination of large, near-optimal Golomb rulers},
    school = {Department of Electronic and Computer Engineering},
    year = {2002},
    month = {6},
}

@article{Santoro,
    author = {Atkinson, M. D. and Santoro, N. and Urrutia, J.},
    title = {Integer Sets with Distinct Sums and Differences and Carrier Frequency Assignments for Nonlinear Repeaters},
    journal = {IEEE Transactions on Communications},
    volume = {COM-34},
    number = {6},
    pages = {647-651},
    year = {1986},
}

@article{Martos,
    author = {Martos Ojeda, Carlos Andres and Delgado Ordóñez, Luis Miguel and Trujillo Solarte, Carlos Alberto},
    title = {Bh Sets as a Generalization of Golomb Rulers},
    journal = {arXiv preprint},
    year = {2021},
    month = {8},
    eprint = {arXiv:2108.09984},
}

%-------------------------------- ESTADO DEL ARTE  --------------------------------%%

    %--- MODULACION ---%   %---1,3,4, 13, 15,25
@article{Singh2023,
  author={K. Singh and S.K. Arya and V. Kumar},
  title={Performance enhancement of duobinary modulation-based DWDM system using particle swarm optimization},
  journal={Journal of Optical Communications},
  doi={10.1515/joc-2022-0308},
  year={2023}
}

@article{parashuram2022suppression,
  author={Parashuram and Kumar, C.},
  title={Suppression of four wave mixing effects under different spectrally efficient modulation techniques in hybrid DWDM-OTDM systems},
  journal={Indian Journal of Pure and Applied Physics},
  volume={60},
  number={8},
  pages={634--643},
  year={2022},
  doi={10.56042/ijpap.v60i8.63817}
}

@article{ali2022alleviation,
  author={Ali, F. and Habib, U. and Muhammad, F. and Khan, Y. and Armghan, A. and Alenezi, F. and Qamar, M. S.},
  title={Alleviation of nonlinear channel effects in long-haul and high-capacity optical transmission networks},
  journal={International Journal of Communication Systems},
  volume={35},
  number={4},
  year={2022},
  doi={10.1002/dac.5050}
}

@inproceedings{sharma2020mitigation,
  author={N. Sharma and H. Singh and P. Singh},
  title={Mitigation of FWM in the fiber optic dwdm system by using different modulation techniques and optical filters},
  booktitle={Proceedings of the 5th International Conference on Communication and Electronics Systems, ICCES 2020},
  pages={343--348},
  year={2020},
  doi={10.1109/ICCES48766.2020.09138080},
}

@article{manzoor2019fwm,
  author={Manzoor, H. U. and Manzoor, T. and Hussain, A. and Aly, M. H. and Manzoor, S.},
  title={FWM reduction using different modulation techniques and optical filters in DWDM optical communication systems: A comparative study},
  journal={Iranian Journal of Science and Technology - Transactions of Electrical Engineering},
  volume={43},
  number={3},
  pages={479--488},
  year={2019},
  doi={10.1007/s40998-019-00189-4}
}

@article{Kaur2016,
  author={G. Kaur and G. S. Bal and G. S. Gaba},
  title={Hybrid modulation technique for suppression of four wave mixing in DWDM system},
  journal={Far East Journal of Electronics and Communications},
  volume={SpecialVolume3},
  pages={131--142},
  year={2016},
  doi={10.17654/ECSV3PI16131},
}

@article{CarlosVargas,
  author={Carlos Alfredo Vargas Quinzo},
  title={DISEÑO Y SIMULACIÓN DE UNA RED WDM PARA MEDIR EL EFECTO NO LINEAL DE LA FIBRA DENOMINADO FOUR WAVE MIXING (FWM)},
  journal={UNIVERSIDAD NACIONAL DE CHIMBORAZO},
  volume={SpecialVolume3},
  pages={131--142},
  year={2018},
  doi={10.17654/ECSV3PI16131},
}


 %-----------  Intervalo o ubucación de canales %

@article{Sugumaran,
  author = {Sugumaran, S. and Sharma, N. and Chitranshi, S. and Thakur, N. and Arulmozhivarman, P.},
  title = {Effect of four-wave mixing on WDM system and its suppression using Optimum algorithms},
  journal = {International Journal of Engineering and Technology},
  year = {2013},
  isbn = {09754024},
  url = {https://n9.cl/andkf}
}

@article{Chen,
  author = {Chen, X. and Fang, X. and Yang, F. and Zhang, F.},
  title = {10.83 Tb/s Over 800 Km Nonlinear Frequency Division Multiplexing WDM Transmission},
  journal = {Institute of Electrical and Electronics Engineers Inc.},
  year = {2022},
  isbn = {07338724},
  url = {https://n9.cl/6q7qt}
}

@article{Tarabrina,
  author = {Tarabrina, A.D. and Tupyakov, D.V. and Vorontsova, I.O. and Goncharov, R.K. and Zinov'ev, A.V. and Smirnov, S.V. and Kiselev, F.D. and Egorov, V.I},
  title = {Application of optimization methods to minimize noise in quantum key distribution systems integrated into fiber-optic communication lines using dense wavelength division multiplexing},
  journal = {Journal of Optical Technology},
  year = {2022},
  doi = {10.1364/JOT.89.000549}
}

@inproceedings{Mao,
  author = {Mao, X.},
  title = {Improved Schemes on Channel Interval for the Suppression of the Effect of Four-Wave-Mixing},
  booktitle = {Proceedings - 3rd International Conference on Intelligent Transportation, Big Data and Smart City},
  year = {2018},
  doi = {10.1109/ICITBS.2018.0005}
}

@article{Bansal2014,
  author = {Bansal, S.},
  title = {Optimal Golomb ruler sequence generation for FWM crosstalk elimination: Soft computing versus conventional approaches},
  journal = {Applied Soft Computing Journal},
  year = {2014},
  doi = {10.1016/j.asoc.2014.04.015}
}

@article{Kwong,
  author = {Kwong, W. and Yang, G.},
  title = {An algebraic approach to the unequal-spaced channel-allocation problem in WDM lightwave systems},
  journal = {IEEE Transactions on Communications},
  year = {},
  doi = {10.1109/26.558698},
}


@misc{Gomez,
  author={G. A. Gómez Agredo},
  title={Análisis del desempeño de formatos de modulación en comunicaciones ópticas sobre redes WDM},
  year={n.d.},
  howpublished={\url{https://n9.cl/hb63x}}
}

@article{Nidhal,
  title={A New Suppression approach of FWM Crosstalk Effect in Optical Communication Link based on Polarization combiner Method},
  author={Nidhal A., M. and Abd Haider, J.},
  journal={IOP Publishing Ltd},
  year={2021},
  isbn={17426588},
  url={https://n9.cl/62hyr}
}

@thesis{Puerres,
  title={Estudio y Simulación de los Efectos No Lineales Modulación Cruzada de Fase (XPM) y Mezcla de Cuatro Ondas (FWM) en una Fibra Óptica Monomodo},
  author={Puerres, A. E. and Salazar, D. E. and Jiménez, M. S.},
  school={Escuela Politécnica Nacional (EPN)},
  year={2016},
  url={https://bibdigital.epn.edu.ec/bitstream/15000/17222/1/2016AJIEE-30.pdf}
}
